@Misc{SMB,
    organization = {Samba.org},
	author = {Richard Sharpe},
    title = {Just what is SMB?},
    year = {2002},
	howpublished = {http://www.samba.org/cifs/docs/what-is-smb.html Acesso em Novembro de 2012}
}

@Misc{AD,
    organization = {Microsoft},
    title = {Funções de servidor do Active Directory},
    year = {2012},
	howpublished = {http://technet.microsoft.com/pt-br/library/cc737933(v=ws.10).aspx Acesso em Novembro de 2012}
}

@Misc{UBUNTU-WIKI,
    organization = {Ubuntu Br},
    title = {Autenticando AD},
    year = {2011},
	howpublished = {http://wiki.ubuntu-br.org/AutenticandoAD Acesso em Outubro de 2012}
}

@Misc{KERBEROS,
	organization = {Ericom},
	title = {Kerberos in PowerTerm Solutions},
	year = {2012},
	howpublished = {Disponível em http://www.ericom.com/kerberos.asp. Acesso em Outubro de 2012}
}

@Misc{LDAP,
	organization = {THE OPENLDAP FOUNDATION},
	title = {OpenLdap 2.1 Administrator's Guide.},
	year = {2003},
	howpublished = {Disponível em http://www.bind9.net/manual/openldap/2.1/intro.html. Acesso em Outubro de 2012.}
}
@Misc{DNS,
		title = {O que é DNS (e DNSSEC) bem explicadinho},
	    author = {Ricardo Vaz Monteiro},	  
	    year = {2007},
		howpublished = {Disponível em http://webinsider.uol.com.br/2007/10/13/o-que-e-dns-e-dnssec-bem-explicadinho/. Acesso em Novembro de 2012.}		
}
@Booklet{HUGO,
		title = {Interface de Programação de Aplicações de Serviços de Segurança Gerais},
	    author = {Hugo de Cuffa},
	    address = {Rio de Janeiro},
	    year = {2010},
}

@Misc{RNP,
	organization = {RNP},
	title = {Serviço NTP},
	year = {2010},
	howpublished = {Disponível em http://www.rnp.br/ntp/. Acesso em Outubro de 2012.}
}

@Booklet{FILHO,
	title = {Kerberos},
	author = {Marcos Muniz Calôr Filho},
	year = {2009},
	address = {Rio de Janeiro},
}

@Book{TRIGO,
    title = {OpenLDAP - Uma Abordagem Integrada},
    author = {Clodonil Honório Trigo},
    publisher = {Novatec},
    year = {2007},
    address = {São Paulo},
}

@Misc{BIND,
	organization = {Internet Systems Consortium},
	title = {BIND},
	year = {2012},
	howpublished = {Disponível em https://www.isc.org/software/bind. Acesso em Novembro de 2012.}
}

@Misc{NETBIOS,
	organization = {Microsoft},
	title = {Resolução de nomes NetBIOS},
	year = {2012},
	howpublished = {Disponível em http://technet.microsoft.com/pt-br/library/cc738412(v=ws.10).aspx. Acesso em Outubro de 2012.}
}


@Book{SCRIMER,
    title = {TCP/IP - A Bíblia},
    author = {Rob Scrimger, Paul Lasalle, Mridula Parihar},
    publisher = {Campus},
    year = {2002},
    address = {Rio de Janeiro},
}

@Book{SAMBA,
    title = {Using Samba},
    author = {Robert Eckstein, David Collier-Brown, Peter Kelly},
    publisher = {OREILLY},
    year = {2003},
    address = {Sebastopol, CA},
}

@Book{MORIMOTO,
    title = {Redes e Servidores Linux - Guia Prático},
    author = {Carlos Eduardo Morimoto},
    publisher = {Sulina},
    year = {2005},
    address = {Porto Alegre},
}

@Misc{FOCA,
    organization = {FOCA},
	title = {Guia Foca GNU/Linux Capítulo 18 - SAMBA},
    year = {2012},
	howpublished = {Disponível em http://www.guiafoca.org/guia/avancado/ch-s-samba.htm. Acesso em Outubro de 2012.}
}

@Book{BACKEND,
    title = {Servidores Linux, Guia Prático},
    author = {Carlos Eduardo Morimoto},
    publisher = {GDH Press e Sul Editores},
    address = {Porto Alegre},
    year = {2008},
}

@Misc{RID,
    organization = {Samba.org},
	title = {Samba HOWTO Collection},
    year = {2003},
	howpublished = {Disponível em http://www.samba.org/samba/docs/man/Samba-HOWTO-Collection/groupmapping.html. Acesso em Outubro de 2012.}
}

@Booklet{HEIMDAL,
	author = {Diego Pereira Grassato},
	title = {Instalação Samba4},
    year = {2009},
	howpublished = {Disponível em http://samba4.wordpress.com/2009/09/25/instalacao-samba4. Acesso em Outubro de 2012.}
}

@Booklet{LOSANO,
	author = {Monique Losano},
	title = {Introdução ao Active Directory - Parte 1},
    year = {2009},
	howpublished = {Disponível em http://technet.microsoft.com/pt-br/library/cc668412.aspx. Acesso em Outubro de 2012.}
}

@Misc{NETBIOS_,
	organization = {Sistemas Telematicos},
	title = {Sistema NetBios},
	year = {2010},
	howpublished = {Disponível em http://sistemastelematicosraf.blogspot.com.br/2010/12/sistema-netbios.html. Acesso em Outubro de 2012}
}

@Misc{SERVER,
	organization = {Microsoft},
	title = {Windows Server 2012 How to Buy},
	year = {2012},
	howpublished = {Disponível em http://www.microsoft.com/en-us/server-cloud/windows-server/buy.aspx. Acesso em Outubro 2012.}
}

@Booklet{INSTALL,
	author = {Nana Långstedt},
	title = {Installing software from source in Linux - 1.2},
	year = {2005},
	howpublished = {Disponível em http://www.tuxfiles.org/linuxhelp/softinstall.html. Acesso em Novembro de 2012}
}

http://www.tuxfiles.org/linuxhelp/softinstall.html

Misc{BACKEND,
	    organization = {Guia do Hardware},
		title = {Samba, Parte 2: Configuração avançada do Samba},
	    year = {2007},
		howpublished = {Disponível em http://www.hardware.com.br/tutoriais/samba-configuracao-avancada/pagina8.html. Acesso em Outubro de 2012.}
	}